<?xml version="1.0" encoding="UTF-8"?><collection xmlns="http://www.loc.gov/MARC21/slim"><record><leader>00710nam--2200181-i-4500</leader><controlfield tag="001">000013748</controlfield><controlfield tag="002">20161230</controlfield><controlfield tag="005">20161230201030</controlfield><controlfield tag="008">060222s1000------------r-----000-0-eng-d</controlfield><datafield ind1=" " ind2=" " tag="040"><subfield code="a">IFIN-HH</subfield></datafield><datafield ind1=" " ind2=" " tag="080"><subfield code="a">621.039.53:539.12.04</subfield></datafield><datafield ind1="1" ind2=" " tag="110"><subfield code="a">American Society For Testing And Materials</subfield></datafield><datafield ind1="1" ind2="0" tag="245"><subfield code="a">Irradiation effects on structural alloys for nuclear reactor applications</subfield><subfield code="b">A symposium sponssored by the americaan society for testing and materials toronto, ontario, canada, 29 june - 1 july 1970</subfield></datafield><datafield ind1=" " ind2=" " tag="260"><subfield code="a">Baltimore</subfield><subfield code="b">American Society For Testing And Materials</subfield><subfield code="c">1971</subfield></datafield><datafield ind1=" " ind2=" " tag="300"><subfield code="a">563P</subfield></datafield><datafield ind1=" " ind2=" " tag="490"><subfield code="a">Astm Special Technical Publication</subfield><subfield code="v">No. 484</subfield></datafield><datafield ind1=" " ind2=" " tag="852"><subfield code="a">19807</subfield><subfield code="c">539.12.04</subfield></datafield><datafield ind1=" " ind2=" " tag="CAT"><subfield code="a">Sys</subfield><subfield code="c">20120206</subfield><subfield code="h">100421</subfield></datafield></record></collection>